



%new references


@MISC{website:skype_usage,
       AUTHOR = "Gigaom.com",
       TITLE = "Skype Q4 2009 by the numbers",
       YEAR = 2010,
       HOWPUBLISHED = "\url{http://gigaom.com/2010/04/20/skype-q4-2009-number/}"
}


@MISC{website:windows_networking_voip_enterprise,
       AUTHOR = "Mitch Tulloch",
       TITLE = "VoIP in the Enterprise",
       YEAR = 2006,
       HOWPUBLISHED = "\url{http://www.windowsnetworking.com/articles_tutorials/VOIP-Enterprise.html}"
}

@MISC{website:microsoft_enter_uc,
       AUTHOR = "Art Rosenberg",
       TITLE = "UC Technology is Here -- Will Microsoft Help Make Products and Services Real?",
       YEAR = 2006,
       HOWPUBLISHED = "\url{http://ipcommunications.tmcnet.com/hot-topics/mcp/articles/1762-uc-technology-here-will-microsoft-help-make-products.htm}"
}

@MISC{TelecommsSaN05,
        AUTHOR = "P. Gnanasivam",
        YEAR = 2005,
        TITLE = "Telecommunication Switching and Networks",
}

